<?xml version="1.0" encoding="UTF-8"?><collection xmlns="http://www.loc.gov/MARC21/slim"><record><leader>00537nam--2200169-u-4500</leader><controlfield tag="001">000054695</controlfield><controlfield tag="002">20161230</controlfield><controlfield tag="005">20161230201051</controlfield><controlfield tag="008">120523s1000------------r-----000-0-eng-d</controlfield><datafield ind1=" " ind2=" " tag="040"><subfield code="a">IFIN-HH</subfield></datafield><datafield ind1=" " ind2=" " tag="080"><subfield code="a">539.172</subfield></datafield><datafield ind1="1" ind2=" " tag="100"><subfield code="a">Peters, Palmer Norman</subfield></datafield><datafield ind1="1" ind2="0" tag="245"><subfield code="a">A study of the isomer shifts in the mossbauer spectra of 57fr dissolved in 4d- and 5d- transition metals</subfield><subfield code="b">Siddertation</subfield><subfield code="c">1967</subfield></datafield><datafield ind1=" " ind2=" " tag="260"><subfield code="a">Ann Arbor, Michigan</subfield><subfield code="b">University Microfilms, Inc</subfield><subfield code="c">1967</subfield></datafield><datafield ind1=" " ind2=" " tag="300"><subfield code="a">75P</subfield></datafield><datafield ind1=" " ind2=" " tag="852"><subfield code="a">32353</subfield><subfield code="c">539.163.2</subfield></datafield><datafield ind1=" " ind2=" " tag="CAT"><subfield code="a">Sys</subfield><subfield code="c">20120523</subfield><subfield code="h">162944</subfield></datafield></record></collection>